<record><leader>00000cas a22000007a 4500</leader><controlfield tag="001">11189100</controlfield><controlfield tag="008">840924d18711901iaucr ne      0    0eng d</controlfield><datafield ind1=" " ind2=" " tag="010"><subfield code="a">sn 84038143 </subfield></datafield><datafield ind1=" " ind2=" " tag="040"><subfield code="a">NPX</subfield><subfield code="b">eng</subfield><subfield code="c">NPX</subfield><subfield code="d">INP</subfield><subfield code="d">OCLCQ</subfield><subfield code="d">IUL</subfield><subfield code="d">OCLCF</subfield></datafield><datafield ind1="1" ind2=" " tag="029"><subfield code="a">AU@</subfield><subfield code="b">000025818991</subfield></datafield><datafield ind1=" " ind2=" " tag="042"><subfield code="a">msc</subfield></datafield><datafield ind1=" " ind2=" " tag="043"><subfield code="a">n-us-ia</subfield></datafield><datafield ind1="0" ind2="0" tag="245"><subfield code="a">Dubuque weekly telegraph.</subfield></datafield><datafield ind1="1" ind2="3" tag="246"><subfield code="a">Telegraph-Democrat</subfield></datafield><datafield ind1=" " ind2=" " tag="260"><subfield code="a">Dubuque [Iowa :</subfield><subfield code="b">s.n.]</subfield></datafield><datafield ind1=" " ind2=" " tag="300"><subfield code="a">v.</subfield></datafield><datafield ind1=" " ind2=" " tag="310"><subfield code="a">Semiweekly,</subfield><subfield code="b">&lt;1900-1901&gt;</subfield></datafield><datafield ind1=" " ind2=" " tag="321"><subfield code="a">Weekly,</subfield><subfield code="b">&lt;1871-1899&gt;</subfield></datafield><datafield ind1="1" ind2=" " tag="362"><subfield code="a">Began in 1871; ceased in Oct. 1901.</subfield><subfield code="z">Cf. Bibl. of Iowa newspapers.</subfield></datafield><datafield ind1=" " ind2=" " tag="500"><subfield code="a">Title varies: Telegraph-Democrat. Cf. bibliography of Iowa newspapers.</subfield></datafield><datafield ind1=" " ind2=" " tag="500"><subfield code="a">Publisher varies.</subfield></datafield><datafield ind1=" " ind2=" " tag="500"><subfield code="a">Editor: D.A. Mahony, &lt;1876&gt;.</subfield></datafield><datafield ind1=" " ind2=" " tag="588"><subfield code="a">Description based on: Vol. 2, no. 32 (Aug. 23, 1872).</subfield></datafield><datafield ind1=" " ind2="0" tag="651"><subfield code="a">Dubuque (Iowa)</subfield><subfield code="v">Newspapers.</subfield></datafield><datafield ind1=" " ind2="0" tag="651"><subfield code="a">Dubuque County (Iowa)</subfield><subfield code="v">Newspapers.</subfield></datafield><datafield ind1=" " ind2="7" tag="651"><subfield code="a">Iowa</subfield><subfield code="z">Dubuque.</subfield><subfield code="2">fast</subfield><subfield code="0">(OCoLC)fst01217313</subfield></datafield><datafield ind1=" " ind2="7" tag="651"><subfield code="a">Iowa</subfield><subfield code="z">Dubuque County.</subfield><subfield code="2">fast</subfield><subfield code="0">(OCoLC)fst01212637</subfield></datafield><datafield ind1=" " ind2="7" tag="655"><subfield code="a">Newspapers.</subfield><subfield code="2">fast</subfield><subfield code="0">(OCoLC)fst01423814</subfield></datafield><datafield ind1=" " ind2=" " tag="752"><subfield code="a">United States</subfield><subfield code="b">Iowa</subfield><subfield code="c">Dubuque</subfield><subfield code="d">Dubuque.</subfield></datafield><datafield ind1="0" ind2=" " tag="775"><subfield code="t">Dubuque telegraph (Dubuque, Iowa : 1870)</subfield><subfield code="g">&lt;1871-Oct. 9, 1876&gt;</subfield><subfield code="w">(DLC)sn 84027132</subfield><subfield code="w">(OCoLC)10887428</subfield></datafield><datafield ind1="0" ind2=" " tag="775"><subfield code="t">Dubuque daily telegraph</subfield><subfield code="g">&lt;Apr. 16, 1892&gt;-Oct. 26, 1901</subfield><subfield code="w">(DLC)sn 86061150</subfield><subfield code="w">(OCoLC)14561341</subfield></datafield><datafield ind1="0" ind2="5" tag="780"><subfield code="t">Democrat (Dubuque, Iowa : 1882 : Weekly)</subfield><subfield code="g">1884</subfield></datafield><datafield ind1="0" ind2="7" tag="785"><subfield code="t">Dubuque weekly herald (Dubuque, Iowa : 1889)</subfield><subfield code="w">(DLC)sn 86061149</subfield><subfield code="w">(OCoLC)14543764</subfield></datafield><datafield ind1="0" ind2="7" tag="785"><subfield code="t">Dubuque telegraph-herald (Dubuque, Iowa : 1901 : Semiweekly)</subfield></datafield></record>